%@book{mcgraw,
author = {Yunus A. Cengel},
title = {Termodinamica e trasmissione del calore},
publisher = {McGraw-Hill Education},
year = {2009}
}